@article{Jarrin2006,
   author = {N. Jarrin and S. Benhamadouche and D. Laurence and R. Prosser},
   doi = {10.1016/j.ijheatfluidflow.2006.02.006},
   issn = {0142727X},
   issue = {4},
   journal = {International Journal of Heat and Fluid Flow},
   keywords = {Channel flow,Inflow boundary conditions,Large-eddy simulation,Spatially decaying isotropic turbulence, Synthetic turbulence},
   month = {8},
   pages = {585-593},
   title = {A synthetic-eddy-method for generating inflow conditions for large-eddy simulations},
   volume = {27},
   year = {2006},
}

@inproceedings{Poletto2013,
   author = {R. Poletto and T. Craft and A. Revell},
   doi = {10.1007/s10494-013-9488-2},
   issn = {13866184},
   issue = {3},
   journal = {Flow, Turbulence and Combustion},
   keywords = {Embedded LES,SEM,Synthetic Eddy method,Synthetic turbulence},
   month = {10},
   pages = {519-539},
   title = {A new divergence free synthetic eddy method for the reproduction of inlet flow conditions for les},
   volume = {91},
   year = {2013},
}