
@article{Selig1997HighLiftLR,
  title={High-lift low Reynolds number airfoil design},
  author={Selig, Michael S and Guglielmo, James J},
  journal={Journal of aircraft},
  volume={34},
  number={1},
  pages={72--79},
  year={1997}
}

@inproceedings{Abhijit13,
  title={The Role of laminar separation bubble on low Reynolds number airfoils},
  author={Mitra, Abhijit and Gokul, P and Ramesh, O},
  booktitle={51st AIAA Aerospace Sciences Meeting including the New Horizons Forum and Aerospace Exposition},
  pages={59},
  year={2013}
}

@article{OMeara87,
  title={Laminar separation bubble characteristics on an airfoil at low Reynolds numbers},
  author={O'meara, MM and Mueller, Thomas J},
  journal={AIAA journal},
  volume={25},
  number={8},
  pages={1033--1041},
  year={1987}
}

@article{Bazilevs2007,
  title={Variational multiscale residual-based turbulence modeling for large eddy simulation of incompressible flows},
  author={Bazilevs, Y and Calo, VM and Cottrell, JA and Hughes, TJR and Reali, A and Scovazzi},
  journal={Computer methods in applied mechanics and engineering},
  volume={197},
  number={1-4},
  pages={173--201},
  year={2007},
  publisher={Elsevier}
}


%Gridap
@article{Badia2020,
  doi = {10.21105/joss.02520},
  year = {2020},
  publisher = {The Open Journal},
  volume = {5},
  number = {52},
  pages = {2520},
  author = {Santiago Badia and Francesc Verdugo},
  title = {Gridap: An extensible Finite Element toolbox in Julia},
  journal = {Journal of Open Source Software}
}

@article{Verdugo2022,
  doi = {10.1016/j.cpc.2022.108341},
  year = {2022},
  month = jul,
  publisher = {Elsevier {BV}},
  volume = {276},
  pages = {108341},
  author = {Francesc Verdugo and Santiago Badia},
  title = {The software design of Gridap: A Finite Element package based on the Julia {JIT} compiler},
  journal = {Computer Physics Communications}
}

@misc{petsc-web-page,
  author = {Satish Balay and Shrirang Abhyankar and Mark~F. Adams and Steven Benson and Jed Brown
    and Peter Brune and Kris Buschelman and Emil~M. Constantinescu and Lisandro Dalcin and Alp Dener
    and Victor Eijkhout and Jacob Faibussowitsch and William~D. Gropp and V\'{a}clav Hapla and Tobin Isaac and Pierre Jolivet
    and Dmitry Karpeev and Dinesh Kaushik and Matthew~G. Knepley and Fande Kong and Scott Kruger
    and Dave~A. May and Lois Curfman McInnes and Richard Tran Mills and Lawrence Mitchell and Todd Munson
    and Jose~E. Roman and Karl Rupp and Patrick Sanan and Jason Sarich and Barry~F. Smith
    and Stefano Zampini and Hong Zhang and Hong Zhang and Junchao Zhang},
  title        = {{PETS}c {W}eb page},
  url          = {https://petsc.org/},
  howpublished = {\url{https://petsc.org/}},
  year         = {2022},
}
